<?xml version="1.0" encoding="UTF-8"?><collection xmlns="http://www.loc.gov/MARC21/slim"><record><leader>00342nam--2200133-i-4500</leader><controlfield tag="001">000047880</controlfield><controlfield tag="002">20161230</controlfield><controlfield tag="005">20161230201046</controlfield><controlfield tag="008">060222s1000------------r-----000-0-eng-d</controlfield><datafield ind1=" " ind2=" " tag="080"><subfield code="a">65.01</subfield></datafield><datafield ind1=" " ind2=" " tag="100"><subfield code="a">Wolf,Harry Deane</subfield></datafield><datafield ind1=" " ind2=" " tag="245"><subfield code="a">Business forecasting methods</subfield></datafield><datafield ind1=" " ind2=" " tag="260"><subfield code="a">New York, Holt, Rinehart And Winston, 1966. Ix + 225 P</subfield></datafield><datafield ind1=" " ind2=" " tag="852"><subfield code="a">12252</subfield></datafield></record></collection>